@article{Szigeti2020,
  doi = {10.1103/physrevlett.125.100402},
  year = {2020},
  month = sep,
  publisher = {American Physical Society ({APS})},
  volume = {125},
  number = {10},
  author = {Stuart S. Szigeti and Samuel P. Nolan and John D. Close and Simon A. Haine},
  title = {High-Precision Quantum-Enhanced Gravimetry with a Bose-Einstein Condensate},
  journal = {Physical Review Letters}
}

@article{Wu2019,
  doi = {10.1126/sciadv.aax0800},
  year = {2019},
  month = sep,
  publisher = {American Association for the Advancement of Science ({AAAS})},
  volume = {5},
  number = {9},
  pages = {eaax0800},
  author = {Xuejian Wu and Zachary Pagel and Bola S. Malek and Timothy H. Nguyen and Fei Zi and Daniel S. Scheirer and Holger M\"{u}ller},
  title = {Gravity surveys using a mobile atom interferometer},
  journal = {Science Advances}
}

@INPROCEEDINGS{Seidel2015,
       author = {{Seidel}, S.~T. and {Lachmann}, M.~D. and {Becker}, D. and {Grosse}, J. and
         {Popp}, M.~A. and {Wang}, J.~B. and {Wendrich}, T. and {Rasel}, E.~M. and
         {Quantus Collaboration}},
        title = "{Atom Interferometry on Sounding Rockets}",
    booktitle = {22nd ESA Symposium on European Rocket and Balloon Programmes and Related Research},
         year = 2015,
       editor = {{Ouwehand}, L.},
       series = {ESA Special Publication},
       volume = {730},
        month = 09,
        pages = {309},
}

@article{Barrett2016,
  title = {Inertial Quantum Sensors Using Light and Matter},
  author = {Barrett, B and Bertoldi, A and Bouyer, P},
  year = {2016},
  month = may,
  volume = {91},
  pages = {053006},
  issn = {0031-8949, 1402-4896},
  doi = {10.1088/0031-8949/91/5/053006},
  journal = {Phys. Scr.},
  language = {en},
  number = {5}
}

@article{Nyman2006,
  title = {I.{{C}}.{{E}}.: A Transportable Atomic Inertial Sensor for Test in Microgravity},
  shorttitle = {I.{{C}}.{{E}}.},
  author = {Nyman, R.A. and Varoquaux, G. and Lienhart, F. and Chambon, D. and Boussen, S. and Cl{\'e}ment, J.-F. and M{\"u}ller, T. and Santarelli, G. and Pereira Dos Santos, F. and Clairon, A. and Bresson, A. and Landragin, A. and Bouyer, P.},
  year = {2006},
  month = 09,
  volume = {84},
  pages = {673--681},
  issn = {0946-2171, 1432-0649},
  doi = {10.1007/s00340-006-2395-7},
  journal = {Appl. Phys. B},
  language = {en},
  number = {4}
}

@article{Geiger2011,
  title = {Detecting Inertial Effects with Airborne Matter-Wave Interferometry},
  author = {Geiger, R. and M{\'e}noret, V. and Stern, G. and Zahzam, N. and Cheinet, P. and Battelier, B. and Villing, A. and Moron, F. and Lours, M. and Bidel, Y. and Bresson, A. and Landragin, A. and Bouyer, P.},
  year = {2011},
  month = 09,
  volume = {2},
  pages = {474},
  publisher = {{Nature Publishing Group}},
  issn = {2041-1723},
  doi = {10.1038/ncomms1479},
  journal = {Nature Communications},
  language = {en},
  number = {1}
}

@article{Beutler2009,
  doi = {10.1007/s00190-008-0268-z},
  url = {https://doi.org/10.1007/s00190-008-0268-z},
  year = {2009},
  month = feb,
  publisher = {Springer Science and Business Media {LLC}},
  volume = {83},
  number = {3-4},
  pages = {297--307},
  author = {Gerhard Beutler and Angelyn W. Moore and Ivan I. Mueller},
  title = {The international global navigation satellite systems service ({IGS}): development and achievements},
  journal = {Journal of Geodesy}
}

@book{Siciliano2008,
  doi = {10.1007/978-3-540-30301-5},
  url = {https://doi.org/10.1007/978-3-540-30301-5},
  year = {2008},
  publisher = {Springer Berlin Heidelberg},
  editor = {Bruno Siciliano and Oussama Khatib},
  title = {Springer Handbook of Robotics}
}

@article{Bade2018,
  title = {Observation of {{Extra Photon Recoil}} in a {{Distorted Optical Field}}},
  author = {Bade, Satyanarayana and Djadaojee, Lionel and Andia, Manuel and Clad{\'e}, Pierre and {Guellati-Khelifa}, Sa{\"i}da},
  year = {2018},
  month = aug,
  volume = {121},
  pages = {073603},
  publisher = {{American Physical Society}},
  doi = {10.1103/PhysRevLett.121.073603},
  abstract = {Light carries momentum which induces on atoms a recoil for each photon absorbed. In vacuum, for a monochromatic beam of frequency {$\nu$}, the global momentum per photon is bounded by general principles and is smaller than h{$\nu$}/c leading to a limit on the recoil. However, locally this limit can be broken. In this Letter, we give a general formula to calculate the recoil in vacuum. We show that in a laser beam with a distorted optical field, there are regions where the recoil can be higher than this limit. Using atoms placed in those regions we are able to measure directly the extra recoil.},
  file = {/Users/naceur/Dropbox/Papers Seafile/Papers/Unsorted Naceur/Zotero storage/bade2018.pdf;/Users/naceur/Dropbox/Papers Seafile/Papers/Unsorted Naceur/storage/57BRJAE4/PhysRevLett.121.html},
  journal = {Physical Review Letters},
  number = {7}
}

@misc{Corgier2020,
    title={Interacting quantum mixtures for precision atom interferometry},
    author={Robin Corgier and Sina Loriani and Holger Ahlers and Katerine Posso-Trujillo and Christian Schubert and Ernst M. Rasel and Eric Charron and Naceur Gaaloul},
    year={2020},
    eprint={arXiv:2007.05007},
    archivePrefix={arXiv},
}

@article{Estey2015,
  doi = {10.1103/physrevlett.115.083002},
  year = {2015},
  month = 08,
  publisher = {American Physical Society ({APS})},
  volume = {115},
  number = {8},
  author = {Brian Estey and Chenghui Yu and Holger M\"{u}ller and Pei-Chen Kuan and Shau-Yu Lan},
  title = {High-Resolution Atom Interferometers with Suppressed Diffraction Phases},
  journal = {Physical Review Letters}
}

@article{Vuleti1998,
  doi = {10.1103/physrevlett.81.5768},
  year = {1998},
  month = 12,
  publisher = {American Physical Society ({APS})},
  volume = {81},
  number = {26},
  pages = {5768--5771},
  author = {V. Vuleti{\'{c}} and C. Chin and A. J. Kerman and S. Chu},
  title = {Degenerate Raman Sideband Cooling of Trapped Cesium Atoms at Very High Atomic Densities},
  journal = {Physical Review Letters}
}

@article{Hamann1998,
  doi = {10.1103/physrevlett.80.4149},
  year = {1998},
  month = 05,
  publisher = {American Physical Society ({APS})},
  volume = {80},
  number = {19},
  pages = {4149--4152},
  author = {S. E. Hamann and D. L. Haycock and G. Klose and P. H. Pax and I. H. Deutsch and P. S. Jessen},
  title = {Resolved-Sideband Raman Cooling to the Ground State of an Optical Lattice},
  journal = {Physical Review Letters}
}

@article{Roura2017,
  doi = {10.1103/physrevlett.118.160401},
  year = {2017},
  month = 04,
  publisher = {American Physical Society ({APS})},
  volume = {118},
  number = {16},
  author = {A. Roura},
  title = {Circumventing Heisenberg's Uncertainty Principle in Atom Interferometry Tests of the Equivalence Principle},
  journal = {Physical Review Letters}
}

@misc{Brif2020arxiv,
    title={Characterization of Errors in Interferometry with Entangled Atoms},
    author={C. Brif and B. P. Ruzic and G. W. Biedermann},
    year={2020},
    eprint={arXiv:2007.03306},
    archivePrefix={arXiv},
}

@article{Loriani2020,
  title = {Resolution of the {{Co}}-{{Location Problem}} in {{Satellite Quantum Tests}} of the {{Universality}} of {{Free Fall}}},
  author = {S. Loriani and C. Schubert and D. Schlippert and W. Ertmer and F. P. D. Santos and E. M. Rasel and N.Gaaloul and P. Wolf},
  year = {2020},
  month = jun,
  archivePrefix = {arXiv},
  eprint = {arXiv:2006.08729},
  eprinttype = {arxiv},
}

@inproceedings{Gillot2016,
  doi = {10.1109/eftf.2016.7477832},
  year = {2016},
  month = 04,
  publisher = {{IEEE}},
  author = {P. Gillot and B. Cheng and A. Imanaliev and S. Merlet and F. Pereira Dos Santos},
  title = {The {LNE}-{SYRTE} cold atom gravimeter},
  booktitle = {2016 European Frequency and Time Forum ({EFTF})}
}

@article{Albers2020,
  doi = {10.1140/epjd/e2020-10132-6},
  year = {2020},
  month = jul,
  publisher = {Springer Science and Business Media {LLC}},
  volume = {74},
  number = {7},
  author = {H. Albers and A. Herbst and L. L. Richardson and H. Heine and D. Nath and J. Hartwig and C. Schubert and C. Vogt and M. Woltmann and C. L\"{a}mmerzahl and S. Herrmann and W. Ertmer and E. M. Rasel and D. Schlippert},
  title = {Quantum test of the Universality of Free Fall using rubidium and potassium},
  journal = {The European Physical Journal D}
}

%Light-pulse atom interferometry
@inbook{Hogan2008,
  author = {J. M. Hogan and D. M. S. Johnson and M. A. Kasevich}, 
  editor = {E. Arimondo and W. Ertmer and W. P. Schleich and E. M. Rasel}, 
  title  = {Proceedings of the International School of Physics Enrico Fermi},
  pages = {411-447},
  publisher = {Societa Italiana di Fisica and IOS Press, Amsterdam},
  year = 2009,
 }

@article{Battelier2019,
  title = {Exploring the Foundations of the Universe with Space Tests of the Equivalence Principle},
  author = {B. Battelier and J. Berg{\'e} and A. Bertoldi and L. Blanchet and K. Bongs and P. Bouyer and C. Braxmaier and D. Calonico and P. Fayet and N. Gaaloul and C. Guerlin and A. Hees and P. Jetzer and C. L{\"a}mmerzahl and S. Lecomte and C. L. {Poncin-Lafitte} and S. Loriani and G. M{\'e}tris and M. Nofrarias and E. M. Rasel and S. Reynaud and M. Rodrigues and M. Rothacher and A. Roura and C. Salomon and S. Schiller and W. P. Schleich and C. Schubert and C. Sopuerta and F. Sorrentino and T. J. Sumner and G. M. Tino and P. Tuckey and W. {von Klitzing} and L. W{\"o}rner and P. Wolf and M. Zelan},
  year = {2019},
  month = 12,
  archivePrefix = {arXiv},
  eprint = {arXiv:1908.11785},
  eprinttype = {arxiv},
}


@article{Schlippert2014,
  title = {Quantum Test of the Universality of Free Fall},
  author = {D. Schlippert and J. Hartwig and H. Albers and L. L. Richardson and C. Schubert and A. Roura and W. P. Schleich and W. Ertmer and E. M. Rasel},
  year = {2014},
  month = may,
  volume = {112},
  pages = {203002},
  publisher = {{American Physical Society}},
  doi = {10.1103/PhysRevLett.112.203002},
  journal = {Physical Review Letters},
  number = {20}
}

@article{Zhang2018,
  title = {Testing the {{Universality}} of {{Free Fall}} at \$\{10\^\{ - 10\}\}\$ Level by {{Comparing}} the {{Atoms}} in {{Different Hyperfine States}} with {{Bragg Diffraction}}},
  author = {K. Zhang and M-K. Zhou and Y. Cheng and L-L. Chen and Q. Luo, and W-J. Xu and L-S. Cao and X-C. Duan and Z-K. Hu},
  year = {2018},
  month = may,
  archivePrefix = {arXiv},
  eprint = {arXiv:1805.07758},
  eprinttype = {arxiv},
}

@article{Tarallo2014,
  title = {Test of {{Einstein Equivalence Principle}} for 0-{{Spin}} and {{Half}}-{{Integer}}-{{Spin Atoms}}: {{Search}} for {{Spin}}-{{Gravity Coupling Effects}}},
  shorttitle = {Test of {{Einstein Equivalence Principle}} for 0-{{Spin}} and {{Half}}-{{Integer}}-{{Spin Atoms}}},
  author = {M. G. Tarallo and T. Mazzoni and N. Poli and D. V. Sutyrin and X. Zhang and G. M. Tino},
  year = {2014},
  month = jul,
  volume = {113},
  issn = {0031-9007, 1079-7114},
  doi = {10.1103/PhysRevLett.113.023005},
  journal = {Physical Review Letters},
  keywords = {Equivalence Principle},
  language = {en},
  number = {2}
}


@article{Fray2004,
  title = {Atomic Interferometer with Amplitude Gratings of Light and Its Applications to Atom Based Tests of the Equivalence Principle},
  author = {S. Fray and C. A. Diez and T. W. H{\"{a}}nsch and M. Weitz},
  year = {2004},
  month = dec,
  volume = {93},
  pages = {240404},
  doi = {10.1103/PhysRevLett.93.240404},
  journal = {Physical Review Letters},
  number = {24}
}

@article{Bertoldi2006,
  title = {Atom Interferometry Gravity-Gradiometer for the Determination of the {{Newtonian}} Gravitational Constant~{{G}}},
  author = {A. Bertoldi and G. Lamporesi and L. Cacciapuoti and M. {de Angelis} and M. Fattori and T. Petelski and A. Peters and M. Prevedelli and J. Stuhler and G. M. Tino},
  year = {2006},
  month = nov,
  volume = {40},
  pages = {271--279},
  issn = {1434-6079},
  doi = {10.1140/epjd/e2006-00212-2},
  journal = {The European Physical Journal D - Atomic, Molecular, Optical and Plasma Physics},
  language = {en},
  number = {2}
}


@article{Peters1999,
  title = {Measurement of Gravitational Acceleration by Dropping Atoms},
  author = {A. Peters and K. Y. Chung and S. Chu},
  year = {1999},
  month = aug,
  volume = {400},
  pages = {849--852},
  issn = {1476-4687},
  doi = {10.1038/23655},
  copyright = {1999 Nature Publishing Group},
  journal = {Nature},
  keywords = {Equivalence Principle},
  language = {en},
  number = {6747}
}


@article{Ammann1997,
  title = {Delta {{Kick Cooling}}: {{A New Method}} for {{Cooling Atoms}}},
  shorttitle = {Delta {{Kick Cooling}}},
  author = {H. Ammann and N. Christensen},
  year = {1997},
  month = mar,
  volume = {78},
  pages = {2088--2091},
  issn = {0031-9007, 1079-7114},
  doi = {10.1103/PhysRevLett.78.2088},
  journal = {Physical Review Letters},
  language = {en},
  number = {11}
}

@article{Chu1986,
  title = {Proposal for Optically Cooling Atoms to Temperatures of the Order of 10$^6$\,K},
  shorttitle = {Proposal for Optically Cooling Atoms to Temperatures of the Order of 10$^6$\,K},
  author = {S. Chu and J. E. Bjorkholm and A. Ashkin and J. P. Gordon and L. W. Hollberg},
  year = {1986},
  month = feb,
  volume = {11},
  pages = {73--75},
  doi = {10.1364/OL.11.000073},
  journal = {Optics Letters},
  number = {2}
}

@article{Mueller2009,
  doi = {10.1140/epjd/e2009-00139-0},
  year = {2009},
  month = may,
  publisher = {Springer Science and Business Media {LLC}},
  volume = {53},
  number = {3},
  pages = {273--281},
  author = {T. M\"{u}ller and M. Gilowski and M. Zaiser and P. Berg and Ch. Schubert and T. Wendrich and W. Ertmer and E. M. Rasel},
  title = {A compact dual atom interferometer gyroscope based on laser-cooled rubidium},
  journal = {The European Physical Journal D}
}

@article{Corgier2018,
  author={R. Corgier and S. Amri and W. Herr and H. Ahlers and J. Rudolph and D. Guery-Odelin and E. M. Rasel and E. Charron and N. Gaaloul},
  title={Fast manipulation of Bose-Einstein condensates with an atom chip},
  journal={New Journal of Physics},
  volume={20},
  number={5},
  pages={055002},
  year={2018},
  doi={10.1088/1367-2630/aabdfc},
}

@article{Mntinga2013,
  title = {Interferometry with Bose-Einstein Condensates in Microgravity},
  doi = {10.1103/physrevlett.110.093602},
  year = {2013},
  month = feb,
  publisher = {American Physical Society ({APS})},
  volume = {110},
  number = {9},
  author = {H. M\"{u}ntinga and H. Ahlers and M. Krutzik and A. Wenzlawski and S. Arnold and D. Becker and K. Bongs and H. Dittus and H. Duncker and N. Gaaloul and C. Gherasim and E. Giese and C. Grzeschik and T. W. H\"{a}nsch and O. Hellmig and W. Herr and S. Herrmann and E. Kajari and S. Kleinert and C. L\"{a}mmerzahl and W. Lewoczko-Adamczyk and J. Malcolm and N. Meyer and R. Nolte and A. Peters and M. Popp and J. Reichel and A. Roura and J. Rudolph and M. Schiemangk and M. Schneider and S. T. Seidel and K. Sengstock and V. Tamma and T. Valenzuela and A. Vogel and R. Walser and T. Wendrich and P. Windpassinger and W. Zeller and T. van Zoest and W. Ertmer and W. P. Schleich and E. M. Rasel},
  journal = {Physical Review Letters}
}

@misc{Gebbe2019arxiv,
    title={Twin-lattice atom interferometry},
    author={M. Gebbe and S. Abend and JN Siemß and M. Gersemann and H. Ahlers and H. M{\"{u}}ntinga and S. Herrmann and N. Gaaloul and C. Schubert and K. Hammerer and C. L{\"{a}}mmerzahl and W. Ertmer and E. M. Rasel},
    year={2019},
    eprint={arXiv:1907.08416},
    archivePrefix={arXiv},
}

@article{Kasevich1991,
  doi = {10.1103/physrevlett.66.2297},
  year = {1991},
  month = may,
  publisher = {American Physical Society ({APS})},
  volume = {66},
  number = {18},
  pages = {2297--2300},
  author = {M. Kasevich and D. S. Weiss and E. Riis and K. Moler and S. Kasapi and S. Chu},
  title = {Atomic velocity selection using stimulated Raman transitions},
  journal = {Physical Review Letters}
}

@misc{Schubert2019arxiv,
    title={Scalable, symmetric atom interferometer for infrasound gravitational wave detection},
    author={C. Schubert and D. Schlippert and S. Abend and E. Giese and A. Roura and W. P. Schleich and W. Ertmer and E. M. Rasel},
    year={2019},
    eprint={arXiv:1909.01951},
    archivePrefix={arXiv},
}

@misc{Asenbaum2020arxiv,
    title={Atom-interferometric test of the equivalence principle at the $10^{-12}$ level},
    author={P. Asenbaum and C. Overstreet and M. Kim and J. Curti and M. A. Kasevich},
    year={2020},
    eprint={arXiv:2005.11624},
    archivePrefix={arXiv},
}

@article{Snadden1998,
  doi = {10.1103/physrevlett.81.971},
  year = {1998},
  month = aug,
  publisher = {American Physical Society ({APS})},
  volume = {81},
  number = {5},
  pages = {971--974},
  author = {M. Snadden and J. McGuirk and P. Bouyer and K. Haritos and M. Kasevich},
  title = {Measurement of the Earth's Gravity Gradient with an Atom Interferometer-Based Gravity Gradiometer},
  journal = {Physical Review Letters}
}

@article{Bouchendira2011,
  doi = {10.1103/physrevlett.106.080801},
  year = {2011},
  month = 2,
  publisher = {American Physical Society ({APS})},
  volume = {106},
  number = {8},
  author = {R. Bouchendira and P. Clad{\'{e}} and S. Guellati-Kh{\'{e}}lifa and F. Nez and F. Biraben},
  title = {New Determination of the Fine Structure Constant and Test of the Quantum Electrodynamics},
  journal = {Physical Review Letters}
}

@article{Parker2018,
  doi = {10.1126/science.aap7706},
  year = {2018},
  month = 4,
  publisher = {American Association for the Advancement of Science ({AAAS})},
  volume = {360},
  number = {6385},
  pages = {191--195},
  author = {R. H. Parker and C. Yu and W. Zhong and B. Estey and H. M{\"{u}}ller},
  title = {Measurement of the fine-structure constant as a test of the Standard Model},
  journal = {Science}
}

@article{Durfee2006,
  doi = {10.1103/physrevlett.97.240801},
  year = {2006},
  month = 12,
  publisher = {American Physical Society ({APS})},
  volume = {97},
  number = {24},
  author = {D. S. Durfee and Y. K. Shaham and M. A. Kasevich},
  title = {Long-Term Stability of an Area-Reversible Atom-Interferometer Sagnac Gyroscope},
  journal = {Physical Review Letters}
}

@article{Canuel2006,
  doi = {10.1103/physrevlett.97.010402},
  year = {2006},
  month = 7,
  publisher = {American Physical Society ({APS})},
  volume = {97},
  number = {1},
  author = {B. Canuel and F. Leduc and D. Holleville and A. Gauguet and J. Fils and A. Virdis and A. Clairon and N. Dimarcq and Ch. J. Bord{\'{e}} and A. Landragin and P. Bouyer},
  title = {Six-Axis Inertial Sensor Using Cold-Atom Interferometry},
  journal = {Physical Review Letters}
}

@article{Gustavson2000,
  doi = {10.1088/0264-9381/17/12/311},
  year = {2000},
  month = 7,
  publisher = {{IOP} Publishing},
  volume = {17},
  number = {12},
  pages = {2385--2398},
  author = {T. L. Gustavson and A. Landragin and M. A. Kasevich},
  title = {Rotation sensing with a dual atom-interferometer Sagnac gyroscope},
  journal = {Classical and Quantum Gravity}
}

@article{Gustavson1997,
  doi = {10.1103/physrevlett.78.2046},
  year = {1997},
  month = 3,
  publisher = {American Physical Society ({APS})},
  volume = {78},
  number = {11},
  pages = {2046--2049},
  author = {T. L. Gustavson and P. Bouyer and M. A. Kasevich},
  title = {Precision Rotation Measurements with an Atom Interferometer Gyroscope},
  journal = {Physical Review Letters}
}

@misc{Geiger2020arxiv,
    title={High-accuracy inertial measurements with cold-atom sensors},
    author={R. Geiger and A. Landragin and S. Merlet and F. P. Dos Santos},
    year={2020},
    eprint={arXiv:2003.12516},
    archivePrefix={arXiv},
}

@article{Antoine2003,
  doi = {10.1088/1464-4266/5/2/380},
  year = {2003},
  month = 04,
  publisher = {{IOP} Publishing},
  volume = {5},
  number = {2},
  pages = {S199--S207},
  author = {C. Antoine and C. J. Borde},
  title = {Quantum theory of atomic clocks and gravito-inertial sensors: an update},
  journal = {Journal of Optics B: Quantum and Semiclassical Optics}
}

@article{Kagan1996,
  doi = {10.1103/physreva.54.r1753},
  year = {1996},
  month = sep,
  publisher = {American Physical Society ({APS})},
  volume = {54},
  number = {3},
  pages = {R1753--R1756},
  author = {Y. Kagan and E. L. Surkov and G. V. Shlyapnikov},
  title = {Evolution of a Bose-condensed gas under variations of the confining potential},
  journal = {Physical Review A}
}

@article{Castin1996,
  doi = {10.1103/physrevlett.77.5315},
  year = {1996},
  month = dec,
  publisher = {American Physical Society ({APS})},
  volume = {77},
  number = {27},
  pages = {5315--5319},
  author = {Y. Castin and R. Dum},
  title = {Bose-Einstein Condensates in Time Dependent Traps},
  journal = {Physical Review Letters}
}

@article{Pedri2003,
  doi = {10.1103/physreva.68.043608},
  year = {2003},
  month = oct,
  publisher = {American Physical Society ({APS})},
  volume = {68},
  number = {4},
  author = {P. Pedri and D. Gu{\'{e}}ry-Odelin and S. Stringari},
  title = {Dynamics of a classical gas including dissipative and mean-field effects},
  journal = {Physical Review A}
}

@article{GuryOdelin2002,
  doi = {10.1103/physreva.66.033613},
  year = {2002},
  month = sep,
  publisher = {American Physical Society ({APS})},
  volume = {66},
  number = {3},
  author = {D. Gu{\'{e}}ry-Odelin},
  title = {Mean-field effects in a trapped gas},
  journal = {Physical Review A}
}

@article{Hogan2016,
  doi = {10.1103/physreva.94.033632},
  year = {2016},
  month = 09,
  publisher = {American Physical Society ({APS})},
  volume = {94},
  number = {3},
  author = {J. M. Hogan and M. A. Kasevich},
  title = {Atom-inter\-fero\-metric gravitational-wave detection using heterodyne laser links},
  journal = {Physical Review A}
}

@article{Graham2013,
  doi = {10.1103/physrevlett.110.171102},
  year = {2013},
  month = 04,
  publisher = {American Physical Society ({APS})},
  volume = {110},
  number = {17},
  author = {Peter W. Graham and Jason M. Hogan and Mark A. Kasevich and Surjeet Rajendran},
  title = {New Method for Gravitational Wave Detection with Atomic Sensors},
  journal = {Physical Review Letters}
}

@article{Canuel2018,
  doi = {10.1038/s41598-018-32165-z},
  year = {2018},
  month = 09,
  publisher = {Springer Science and Business Media {LLC}},
  volume = {8},
  number = {1},
  author = {B. Canuel and A. Bertoldi and L. Amand and E. Pozzo di Borgo and T. Chantrait and C. Danquigny and M. Dovale {\'{A}}lvarez and B. Fang and A. Freise and R. Geiger and J. Gillot and S. Henry and J. Hinderer and D. Holleville and J. Junca and G. Lef{\`{e}}vre and M. Merzougui and N. Mielec and T. Monfret and S. Pelisson and M. Prevedelli and S. Reynaud and I. Riou and Y. Rogister and S. Rosat and E. Cormier and A. Landragin and W. Chaibi and S. Gaffet and P. Bouyer},
  title = {Exploring gravity with the {MIGA} large scale atom interferometer},
  journal = {Scientific Reports}
}

@article{Bongs2006,
  doi = {10.1007/s00340-006-2397-5},
  year = {2006},
  month = 08,
  publisher = {Springer Science and Business Media {LLC}},
  volume = {84},
  number = {4},
  pages = {599--602},
  author = {K. Bongs and R. Launay and M.A. Kasevich},
  title = {High-order inertial phase shifts for time-domain atom interferometers},
  journal = {Applied Physics B}
}

@article{Trimeche2019,
  doi = {10.1088/1361-6382/ab4548},
  year = {2019},
  month = 10,
  publisher = {{IOP} Publishing},
  volume = {36},
  number = {21},
  pages = {215004},
  author = {A. Trimeche and B. Battelier and D. Becker and A. Bertoldi and P. Bouyer and C. Braxmaier and E. Charron and R. Corgier and M. Cornelius and K. Douch and N. Gaaloul and S. Herrmann and J. M{\"{u}}ller and E. M. Rasel and C. Schubert and H. Wu and F. P. Dos Santos},
  title = {Concept study and preliminary design of a cold atom interferometer for space gravity gradiometry},
  journal = {Classical and Quantum Gravity}
}

@article{Rudolph2015,
  doi = {10.1088/1367-2630/17/6/065001},
  year = {2015},
  month = 07,
  publisher = {{IOP} Publishing},
  volume = {17},
  number = {6},
  pages = {065001},
  author = {J. Rudolph and W. Herr and C. Grzeschik and T. Sternke and A. Grote and M. Popp and D. Becker and H. M\"{u}ntinga and H. Ahlers and A. Peters and C. L{\"{a}}mmerzahl and K. Sengstock and N. Gaaloul and W. Ertmer and E. M. Rasel},
  title = {A high-flux {BEC} source for mobile atom interferometers},
  journal = {New Journal of Physics}
}

@article{Aguilera2014,
  doi = {10.1088/0264-9381/31/11/115010},
  year = {2014},
  month = 05,
  publisher = {{IOP} Publishing},
  volume = {31},
  number = {11},
  pages = {115010},
  author = {D. N. Aguilera and H. Ahlers and B. Battelier and A. Bawamia and A. Bertoldi and R. Bondarescu and K. Bongs and P. Bouyer and C. Braxmaier and L. Cacciapuoti and C. Chaloner and M. Chwalla and W. Ertmer and M. Franz and N. Gaaloul and M. Gehler and D. Gerardi and L. Gesa and N. G\"{u}rlebeck and J. Hartwig and M. Hauth and O. Hellmig and W. Herr and S. Herrmann and A. Heske and A. Hinton and P. Ireland and P. Jetzer and U. Johann and M. Krutzik and A. Kubelka and C. L\"{a}mmerzahl and A. Landragin and I. Lloro and D. Massonnet and I. Mateos and A. Milke and M. Nofrarias and M. Oswald and A. Peters and K. Posso-Trujillo and E. M. Rasel and E. Rocco and A. Roura and J. Rudolph and W. Schleich and C. Schubert and T. Schuldt and S. Seidel and K. Sengstock and C. F. Sopuerta and F. Sorrentino and D. Summers and G. M. Tino and C. Trenkel and N. Uzunoglu and W. von Klitzing and R. Walser and T. Wendrich and A. Wenzlawski and P. We{\ss}els and A. Wicht and E. Wille and M. Williams and P. Windpassinger and N. Zahzam},
  title = {{STE}-{QUEST}{\textemdash}test of the universality of free fall using cold atom interferometry},
  journal = {Classical and Quantum Gravity}
}

@article{Rosi2014,
  doi = {10.1038/nature13433},
  year = {2014},
  month = jun,
  publisher = {Springer Science and Business Media {LLC}},
  volume = {510},
  number = {7506},
  pages = {518--521},
  author = {G. Rosi and F. Sorrentino and L. Cacciapuoti and M. Prevedelli and G. M. Tino},
  title = {Precision measurement of the Newtonian gravitational constant using cold atoms},
  journal = {Nature}
}

@article{LouchetChauvet2011,
  doi = {10.1088/1367-2630/13/6/065025},
  year = {2011},
  month = 07,
  publisher = {{IOP} Publishing},
  volume = {13},
  number = {6},
  pages = {065025},
  author = {A. Louchet-Chauvet and T. Farah and Q. Bodart and A. Clairon and A. Landragin and S. Merlet and F. P. Dos Santos},
  title = {The influence of transverse motion within an atomic gravimeter},
  journal = {New Journal of Physics}
}

@article{Debs2011,
  doi = {10.1103/physreva.84.033610},
  year = {2011},
  month = 09,
  publisher = {American Physical Society ({APS})},
  volume = {84},
  number = {3},
  author = {J. E. Debs and P. A. Altin and T. H. Barter and D. D\"{o}ring and G. R. Dennis and G. McDonald and R. P. Anderson and J. D. Close and N. P. Robins},
  title = {Cold-atom gravimetry with a Bose-Einstein condensate},
  journal = {Physical Review A}
}

@article{Sugarbaker2013,
  doi = {10.1103/physrevlett.111.113002},
  year = {2013},
  month = 09,
  publisher = {American Physical Society ({APS})},
  volume = {111},
  number = {11},
  author = {A. Sugarbaker and S. M. Dickerson and J. M. Hogan and D. M. S. Johnson and M. A. Kasevich},
  title = {Enhanced Atom Interferometer Readout through the Application of Phase Shear},
  journal = {Physical Review Letters}
}

@article{Dickerson2013,
  doi = {10.1103/physrevlett.111.083001},
  year = {2013},
  month = 08,
  publisher = {American Physical Society ({APS})},
  volume = {111},
  number = {8},
  author = {S. M. Dickerson and J. M. Hogan and A. Sugarbaker and D. M. S. Johnson and M. A. Kasevich},
  title = {Multiaxis Inertial Sensing with Long-Time Point Source Atom Interferometry},
  journal = {Physical Review Letters}
}

@article{Schkolnik2015,
  doi = {10.1007/s00340-015-6138-5},
  year = {2015},
  month = jun,
  publisher = {Springer Science and Business Media {LLC}},
  volume = {120},
  number = {2},
  pages = {311--316},
  author = {V. Schkolnik and B. Leykauf and M. Hauth and C. Freier and A. Peters},
  title = {The effect of wavefront aberrations in atom interferometry},
  journal = {Applied Physics B}
}

@article{Karcher2018,
  doi = {10.1088/1367-2630/aaf07d},
  year = {2018},
  month = 11,
  publisher = {{IOP} Publishing},
  volume = {20},
  number = {11},
  pages = {113041},
  author = {R. Karcher and A. Imanaliev and S. Merlet and F. P. Dos Santos},
  title = {Improving the accuracy of atom interferometers with ultracold sources},
  journal = {New Journal of Physics}
}

@article{Freier2016,
  doi = {10.1088/1742-6596/723/1/012050},
  year = {2016},
  month = 7,
  publisher = {{IOP} Publishing},
  volume = {723},
  pages = {012050},
  author = {C. Freier and M. Hauth and V. Schkolnik and B. Leykauf and M. Schilling and H. Wziontek and H-G. Scherneck and J. M\"{u}ller and A. Peters},
  title = {Mobile quantum gravity sensor with unprecedented stability},
  journal = {Journal of Physics: Conference Series}
}

@article{Loriani2019,
	doi = {10.1088/1367-2630/ab22d0},
	year = 2019,
	month = 6,
	publisher = {{IOP} Publishing},
	volume = {21},
	number = {6},
	pages = {063030},
	author = {S. Loriani and D. Schlippert and C. Schubert and S. Abend and H. Ahlers and W. Ertmer and J. Rudolph and J. M. Hogan and M. A. Kasevich and E. M. Rasel and N. Gaaloul},
	title = {Atomic source selection in space-borne gravitational wave detection},
	journal = {New Journal of Physics}
}

@article{Williams2016,
  doi = {10.1088/1367-2630/18/2/025018},
  year = {2016},
  month = 2,
  publisher = {{IOP} Publishing},
  volume = {18},
  number = {2},
  pages = {025018},
  author = {J. Williams and S-W. Chiow and N. Yu and H. M\"{u}ller},
  title = {Quantum test of the equivalence principle and space-time aboard the International Space Station},
  journal = {New Journal of Physics}
}

@article{Zhou2015,
  doi = {10.1103/physrevlett.115.013004},
  year = {2015},
  month = 7,
  publisher = {American Physical Society ({APS})},
  volume = {115},
  number = {1},
  author = {L. Zhou and S. Long and B. Tang and X. Chen and F. Gao and W. Peng and W. Duan and J. Zhong and Z. Xiong and J. Wang and Y. Zhang and M. Zhan},
  title = {Test of Equivalence Principle at10-8Level by a Dual-Species Double-Diffraction Raman Atom Interferometer},
  journal = {Physical Review Letters}
}

@article{Jamison2014,
  doi = {10.1103/physreva.90.063606},
  year = {2014},
  month = 12,
  publisher = {American Physical Society ({APS})},
  volume = {90},
  number = {6},
  author = {A. O. Jamison and B. Plotkin-Swing and S. Gupta},
  title = {Advances in precision contrast interferometry with Yb Bose-Einstein condensates},
  journal = {Physical Review A}
}

@article{Clad2019,
  doi = {10.1016/j.crhy.2018.12.003},
  year = {2019},
  month = 1,
  publisher = {Elsevier {BV}},
  volume = {20},
  number = {1-2},
  pages = {77--91},
  author = {P. Clad{\'{e}} and F. Nez and F. Biraben and S. Guellati-Khelifa},
  title = {State of the art in the determination of the fine-structure constant and the ratio h/mu},
  journal = {Comptes Rendus Physique}
}

@article{Yu2019,
  doi = {10.1002/andp.201800346},
  year = {2019},
  month = 2,
  publisher = {Wiley},
  volume = {531},
  number = {5},
  pages = {1800346},
  author = {C. Yu and W. Zhong and B. Estey and J. Kwan and R. H. Parker and H. M\"{u}ller},
  title = {Atom-Interferometry Measurement of the Fine Structure Constant},
  journal = {Annalen der Physik}
}

@article{Mnoret2018,
  doi = {10.1038/s41598-018-30608-1},
  year = {2018},
  month = 8,
  publisher = {Springer Science and Business Media {LLC}},
  volume = {8},
  number = {1},
  author = {V. M{\'{e}}noret and P. Vermeulen and N. Le Moigne and S. Bonvalot and P. Bouyer and A. Landragin and B. Desruelle},
  title = {Gravity measurements below 10-9 g with a transportable absolute quantum gravimeter},
  journal = {Scientific Reports}
}

@article{LeGout2008,
  doi = {10.1007/s00340-008-3088-1},
  year = {2008},
  month = 6,
  publisher = {Springer Science and Business Media {LLC}},
  volume = {92},
  number = {2},
  pages = {133--144},
  author = {J. Le Gouet and T.E. Mehlst\"{a}ubler and J. Kim and S. Merlet and A. Clairon and A. Landragin and F. Pereira Dos Santos},
  title = {Limits to the sensitivity of a low noise compact atomic gravimeter},
  journal = {Applied Physics B}
}

@article{Abend2016,
  doi = {10.1103/physrevlett.117.203003},
  year = {2016},
  month = 11,
  publisher = {American Physical Society ({APS})},
  volume = {117},
  number = {20},
  author = {S. Abend and M. Gebbe and M. Gersemann and H. Ahlers and H. M\"{u}ntinga and E. Giese and N. Gaaloul and C. Schubert and C. L\"{a}mmerzahl and W. Ertmer and W.{\hspace{0.167em}}P. Schleich and E.{\hspace{0.167em}}M. Rasel},
  title = {Atom-Chip Fountain Gravimeter},
  journal = {Physical Review Letters}
}

@article{Dutta2016,
  doi = {10.1103/physrevlett.116.183003},
  year = {2016},
  month = may,
  publisher = {American Physical Society ({APS})},
  volume = {116},
  number = {18},
  author = {I. Dutta and D. Savoie and B. Fang and B. Venon and C. L. Garrido Alzar and R. Geiger and A. Landragin},
  title = {Continuous Cold-Atom Inertial Sensor with 1\,nrad/s Rotation Stability},
  journal = {Physical Review Letters}
}


@phdthesis{CheinetPhD,
	title = {Conception et r{\'e}alisation d'un gravim{\`e}tre {\`a} atomes froids},
	language = {fr},
	author = {P. Cheinet},
	year={2006},
	url = {https://tel.archives-ouvertes.fr/tel-00070861v1},
	school={Universite{\'e} Paris}
}

@article{Kovachy2015,
  title = {Matter Wave Lensing to Picokelvin Temperatures},
  author = {T. Kovachy and J. M. Hogan and A. Sugarbaker and S. M. Dickerson and C. Donnelly and C. Overstreet and M. A. Kasevich},
  journal = {Phys. Rev. Lett.},
  volume = {114},
  issue = {14},
  pages = {143004},
  numpages = {5},
  year = {2015},
  month = {04},
  publisher = {American Physical Society},
  doi = {10.1103/PhysRevLett.114.143004},
  url = {https://link.aps.org/doi/10.1103/PhysRevLett.114.143004}
}

